@article{collier2004greed,
  title={Greed and grievance in civil war},
  author={Collier, Paul and Hoeffler, Anke},
  journal={Oxford Economic Papers},
  volume={56},
  number={4},
  pages={563--595},
  year={2004},
  publisher={Oxford University Press}
}

@online{ourworldindata:internet,
    author = {Julia Murphy and Max Roser},
    title = {Internet},
    month = jun,
    year = {2019},
    url = {https://ourworldindata.org/internet}
}

@online{historyofhtml,
    author = {Jeffrey Veen},
    title = {A Brief History of HTML},
    month = apr,
    year = {1997},
    url = {https://www.wired.com/1997/04/a-brief-history-of-html/}
}

@online{WHOdisability,
    author = {World Health Organisation},
    title = {World Report on Disability},
    month = feb,
    year = {2019},
    url = {https://www.who.int/disabilities/world_report/2011/report/en/}
}

@online{WAIaccessibilityintro,
    author = {W3C},
    title = {Introduction to Web Accessibility},
    month = feb,
    year = {2019},
    url={https://www.w3.org/WAI/fundamentals/accessibility-intro/}
}

@online{eqa2010,
    author = {Gov.UK},
    title = {Equality Act 2010: guidance},
    month = jun,
    year = {2015},
    url={https://www.gov.uk/guidance/equality-act-2010-guidance}
}

@online{section508,
    author = {GSA},
    title = {Section 508},
    month = feb,
    year = {2019},
    url={https://www.section508.gov/}
}

@online{accessibilityUN,
    author = {United Nations},
    title = {Article 9 – Accessibility},
    month = feb,
    year = {2019},
    url={https://www.un.org/development/desa/disabilities/convention-on-the-rights-of-persons-with-disabilities/article-9-accessibility.html}
}

@online{mobileusestudy,
    author = {Stone Temple},
    title = {Mobile vs Desktop Usage in 2018},
    month = apr,
    year = {2018},
    url={https://www.stonetemple.com/mobile-vs-desktop-usage-study/}
}

@online{bootstrapaccessibility,
    author = {Bootstrap},
    title = {Accessibility},
    month = feb,
    year = {2019},
    url={https://getbootstrap.com/docs/4.0/getting-started/accessibility/}
}

@online{turretaccessibility,
    author = {Turret CSS},
    title = {Accessibility},
    month = feb,
    year = {2019},
    url={https://turretcss.com/getting-started/accessibility/}
}

@online{w3components,
    author = {W3C},
    title = {Essential Components of Web Accessibility},
    month = feb,
    year = {2019},
    url={https://www.w3.org/WAI/fundamentals/components/}
}

@online{WCAG,
    author = {W3C},
    title = {Web Content Accessibility Guidelines (WCAG) 2.1},
    month = feb,
    year = {2019},
    url = {https://www.w3.org/TR/WCAG21/}
}

@online{w3understandingWCAG,
    author = {W3C},
    title = {Introduction to Understanding WCAG 2.0},
    month = feb,
    year = {2019},
    url={https://www.w3.org/TR/UNDERSTANDING-WCAG20/intro.html}
}

@online{WAIARIA,
    author = {W3C},
    title = {Accessible Rich Internet Applications (WAI-ARIA) 1.1},
    month = feb,
    year = {2019},
    url = {https://www.w3.org/TR/wai-aria-1.1/}
}

@online{WAIARIAspec,
    author = {Mozilla},
    title = {WAI-ARIA basics},
    month = feb,
    year = {2019},
    url={https://developer.mozilla.org/en-US/docs/Learn/Accessibility/WAI-ARIA_basics}
}

@online{allyjs,
    author = {Rodney Rehm},
    title = {ally.js},
    month = feb,
    year = {2019},
    url={https://allyjs.io/}
}

@online{pa11y,
    author = {Team Pa11y},
    title = {Pa11y},
    month = feb,
    year = {2019},
    url={http://pa11y.org/}
}

@online{codesniffer,
    author = {Squiz},
    title = {HTML_CodeSniffer},
    month = feb,
    year = {2019},
    url={http://squizlabs.github.io/HTML_CodeSniffer/}
}

@online{wave,
    author = {WebAIM},
    title = {WAVE - Web Accessibility Evaluation Tool},
    month = feb,
    year = {2019},
    url={http://wave.webaim.org}
}

@online{colourchecker,
    author = {Giovanni Scala},
    title = {Check My Colours},
    month = feb,
    year = {2019},
    url={http://www.checkmycolours.com/}
}

@online{colororacle,
    author = {Bernie Jenny},
    title = {Colour Oracle},
    month = feb,
    year = {2019},
    url={http://colororacle.org/}
}

@online{va11ys,
    author = {IBM},
    title = {Va11yS},
    month = feb,
    year = {2019},
    url={https://developer.ibm.com/open/projects/va11ys/}
}

@online{smashingAPIs,
    author = {Léonie Watson},
    title = {Accessibility APIs: A Key To Web Accessibility},
    month = feb,
    year = {2019},
    url={https://www.smashingmagazine.com/2015/03/web-accessibility-with-accessibility-api/}
}

% Not cited but did use when writing the text

@online{Areyouaccessibile:primer,
    url = {https://medium.com/samsung-internet-dev/are-you-accessible-a-primer-on-web-accessibility-7b2ab0ceffe8}
}

@online{w3tools,
    url={https://www.w3.org/WAI/people-use-web/tools-techniques/#input}
}



% UNUSED - maybe change citations to this style?
@article{owidinternet,
    author = {Julia Murphy and Max Roser},
    title = {Internet},
    journal = {Our World in Data},
    year = {2019},
    note = {https://ourworldindata.org/internet}
}